<?xml version="1.0" encoding="UTF-8"?><collection xmlns="http://www.loc.gov/MARC21/slim"><record><leader>00507nam--2200157-i-4500</leader><controlfield tag="001">000011927</controlfield><controlfield tag="002">20161230</controlfield><controlfield tag="005">20170115215116</controlfield><controlfield tag="008">060222s1000------------r-----000-0-eng-d</controlfield><datafield ind1=" " ind2=" " tag="080"><subfield code="a">546.26:665.53:66L.7(043)</subfield></datafield><datafield ind1=" " ind2=" " tag="100"><subfield code="a">Badie, Paul</subfield></datafield><datafield ind1=" " ind2=" " tag="245"><subfield code="a">Etude de mecanisme de formation de carbon par decomposition thermique d hydrocarbures en pre sance de vapeur d eau</subfield><subfield code="b">these</subfield></datafield><datafield ind1=" " ind2=" " tag="260"><subfield code="a">Haut-rhin, Strasburg</subfield><subfield code="b">Universite Louis Pasteur</subfield><subfield code="c">1975</subfield></datafield><datafield ind1=" " ind2=" " tag="300"><subfield code="a">116 p</subfield></datafield><datafield ind1=" " ind2=" " tag="852"><subfield code="a">44175</subfield></datafield><datafield ind1=" " ind2=" " tag="CAT"><subfield code="a">SYS</subfield><subfield code="c">20170115</subfield><subfield code="h">215116</subfield></datafield></record></collection>